@article{hughes1989functional,
  title={Why functional programming matters},
  author={Hughes, John},
  journal={The computer journal},
  volume={32},
  number={2},
  pages={98--107},
  year={1989},
  publisher={Oxford University Press}
}

@online{readability5, 
  author = {Readability}, 
  title = {Readability}, 
  url = {https://readability5.com/}, 
  urldate = {2023-04-10} 
}

@online{wilcoradio,
  author = {Wilco Radio Ltd},
  title = {Wilco Radio},
  url = {https://www.wilcoradio.com},
  urldate = {2023-04-10}
}
